@article{leisch2004flexmix,
  title={Flexmix: A general framework for finite mixture models and latent glass regression in R},
  author={Leisch, Friedrich},
  year={2004}
}

@Misc{deb2007,
  author={Partha Deb},
  title={{FMM: Stata module to estimate finite mixture models}},
  year=2007,
  month=Dec,
  howpublished={Statistical Software Components, Boston College Department of Economics},
  abstract={fmm fits a finite mixture regression model using maximum likelihood estimation. The model is a J-component finite mixture of densities, with the density within a class (j) allowed to vary in location and scale. Optionally, the mixing probabilities may be specified with covariates. fmm currently fits mixtures of the following distributions: Gamma, Normal (Gaussian), Lognormal, Negative binomial 1 \& 2 (mean and constant dispersion), Poisson, Student-t (with fixed degrees of freedom)},
  keywords={Finite mixture model; maximum likelihood estimation; mixture of densities; Stata},
  doi={},
  url={https://ideas.repec.org/c/boc/bocode/s456895.html},
}

@article{rabe2004gllamm,
  title={GLLAMM manual},
  author={Rabe-Hesketh, Sophia and Skrondal, Anders and Pickles, Andrew},
  year={2004},
  publisher={bepress}
}

@article{benaglia2010mixtools,
  title={mixtools: an R package for analyzing mixture models},
  author={Benaglia, Tatiana and Chauveau, Didier and Hunter, David R and Young, Derek S},
  journal={Journal of statistical software},
  volume={32},
  pages={1--29},
  year={2010}
}

@article{figueiredo2002unsupervised,
  title={Unsupervised learning of finite mixture models},
  author={Figueiredo, Mario A. T. and Jain, Anil K.},
  journal={IEEE Transactions on pattern analysis and machine intelligence},
  volume={24},
  number={3},
  pages={381--396},
  year={2002},
  publisher={Ieee}
}

@book{fruhwirth2006finite,
  title={Finite mixture and Markov switching models},
  author={Fr{\"u}hwirth-Schnatter, Sylvia and Fr{\`e}uhwirth-Schnatter, Sylvia},
  volume={425},
  year={2006},
  publisher={Springer}
}

@article{mclachlan2019finite,
  title={Finite mixture models},
  author={McLachlan, Geoffrey J and Lee, Sharon X and Rathnayake, Suren I},
  journal={Annual review of statistics and its application},
  volume={6},
  pages={355--378},
  year={2019},
  publisher={Annual Reviews}
}

@article{wedel2002concomitant,
  title={Concomitant variables in finite mixture models},
  author={Wedel, Michel},
  journal={Statistica Neerlandica},
  volume={56},
  number={3},
  pages={362--375},
  year={2002},
  publisher={Wiley Online Library}
}

@article{titsias2002mixture,
  title={Mixture of experts classification using a hierarchical mixture model},
  author={Titsias, Michalis K and Likas, Aristidis},
  journal={Neural Computation},
  volume={14},
  number={9},
  pages={2221--2244},
  year={2002},
  publisher={MIT Press}
}

@article{jung2008introduction,
  title={An introduction to latent class growth analysis and growth mixture modeling},
  author={Jung, Tony and Wickrama, Kandauda AS},
  journal={Social and personality psychology compass},
  volume={2},
  number={1},
  pages={302--317},
  year={2008},
  publisher={Wiley Online Library}
}

@article{ram2009methods,
  title={Methods and measures: Growth mixture modeling: A method for identifying differences in longitudinal change among unobserved groups},
  author={Ram, Nilam and Grimm, Kevin J},
  journal={International journal of behavioral development},
  volume={33},
  number={6},
  pages={565--576},
  year={2009},
  publisher={Sage Publications Sage UK: London, England}
}

@article{deb2013finite,
  title={Finite mixture for panels with fixed effects},
  author={Deb, Partha and Trivedi, Pravin K},
  journal={Journal of Econometric Methods},
  volume={2},
  number={1},
  pages={35--51},
  year={2013},
  publisher={De Gruyter}
}

@article{karlis2003choosing,
  title={Choosing initial values for the EM algorithm for finite mixtures},
  author={Karlis, Dimitris and Xekalaki, Evdokia},
  journal={Computational Statistics \& Data Analysis},
  volume={41},
  number={3-4},
  pages={577--590},
  year={2003},
  publisher={Elsevier}
}

@article{mclachlan1994role,
  title={On the role of finite mixture models in survival analysis},
  author={McLachlan, GJ and McGiffin, DC},
  journal={Statistical methods in medical research},
  volume={3},
  number={3},
  pages={211--226},
  year={1994},
  publisher={Sage Publications Sage CA: Thousand Oaks, CA}
}

@article{melnykov2010finite,
  title={Finite mixture models and model-based clustering},
  author={Melnykov, Volodymyr and Maitra, Ranjan},
  journal={Statistics Surveys},
  volume={4},
  pages={80--116},
  year={2010},
  publisher={Amer. Statist. Assoc., the Bernoulli Soc., the Inst. Math. Statist., and the~…}
}

@article{vermunt2008latent,
  title={Latent class and finite mixture models for multilevel data sets},
  author={Vermunt, Jeroen K},
  journal={Statistical methods in medical research},
  volume={17},
  number={1},
  pages={33--51},
  year={2008},
  publisher={Sage Publications Sage UK: London, England}
}

@incollection{vermunt2005hierarchical,
  title={Hierarchical mixture models for nested data structures},
  author={Vermunt, Jeroen K and Magidson, Jay},
  booktitle={Classification—The ubiquitous challenge},
  pages={240--247},
  year={2005},
  publisher={Springer}
}

@article{scrucca2016mclust,
  title={mclust 5: clustering, classification and density estimation using Gaussian finite mixture models},
  author={Scrucca, Luca and Fop, Michael and Murphy, T Brendan and Raftery, Adrian E},
  journal={The R journal},
  volume={8},
  number={1},
  pages={289},
  year={2016},
  publisher={NIH Public Access}
}

@ARTICLE{figue2002,
  author={Figueiredo, M.A.T. and Jain, A.K.},
  journal={IEEE Transactions on Pattern Analysis and Machine Intelligence}, 
  title={Unsupervised learning of finite mixture models}, 
  year={2002},
  volume={24},
  number={3},
  pages={381-396},
  doi={10.1109/34.990138}}





